<record><leader>00000cas a2200000 i 4500</leader><controlfield tag="001">879649235</controlfield><controlfield tag="006">m     o  d        </controlfield><controlfield tag="007">cr |||||||||||</controlfield><controlfield tag="008">140514u1917uuuupauwx neo     0   a0ita  </controlfield><datafield ind1=" " ind2=" " tag="010"><subfield code="a">  2014218357</subfield></datafield><datafield ind1=" " ind2=" " tag="040"><subfield code="a">DLC</subfield><subfield code="b">eng</subfield><subfield code="e">rda</subfield><subfield code="c">DLC</subfield><subfield code="d">DLC</subfield><subfield code="d">OCLCF</subfield></datafield><datafield ind1="0" ind2=" " tag="022"><subfield code="a">2372-9929</subfield><subfield code="2">1</subfield></datafield><datafield ind1=" " ind2=" " tag="042"><subfield code="a">pcc</subfield><subfield code="a">nsdp</subfield></datafield><datafield ind1=" " ind2=" " tag="043"><subfield code="a">n-us-pa</subfield></datafield><datafield ind1="1" ind2="0" tag="050"><subfield code="a">ISSN RECORD</subfield></datafield><datafield ind1="0" ind2="0" tag="082"><subfield code="a">071</subfield><subfield code="2">23</subfield></datafield><datafield ind1="0" ind2=" " tag="130"><subfield code="a">Rassegna (Philadelphia, Pa. : Online)</subfield></datafield><datafield ind1=" " ind2="3" tag="222"><subfield code="a">La rassegna</subfield><subfield code="b">(Philadelphia, Pa. Online)</subfield></datafield><datafield ind1="1" ind2="3" tag="245"><subfield code="a">La rassegna.</subfield></datafield><datafield ind1=" " ind2="1" tag="264"><subfield code="a">Philadelphia, Pa. :</subfield><subfield code="b">La Rassegna Pub. Co.,</subfield><subfield code="c">1917-</subfield></datafield><datafield ind1=" " ind2=" " tag="300"><subfield code="a">1 online resource</subfield></datafield><datafield ind1=" " ind2=" " tag="310"><subfield code="a">Weekly (irregular)</subfield></datafield><datafield ind1=" " ind2=" " tag="336"><subfield code="a">text</subfield><subfield code="b">txt</subfield><subfield code="2">rdacontent</subfield></datafield><datafield ind1=" " ind2=" " tag="337"><subfield code="a">unmediated</subfield><subfield code="b">n</subfield><subfield code="2">rdamedia</subfield></datafield><datafield ind1=" " ind2=" " tag="338"><subfield code="a">volume</subfield><subfield code="b">nc</subfield><subfield code="2">rdacarrier</subfield></datafield><datafield ind1="1" ind2=" " tag="362"><subfield code="a">Began with Anno I, no. 1 (7 aprile 1917).</subfield></datafield><datafield ind1=" " ind2=" " tag="515"><subfield code="a">Suspended Sept. 1, 1917-</subfield></datafield><datafield ind1=" " ind2=" " tag="521"><subfield code="a">"Italian weekly newspaper devoted to welfare and advancement of the Italians in America."</subfield></datafield><datafield ind1=" " ind2=" " tag="546"><subfield code="a">Italian and English.</subfield></datafield><datafield ind1=" " ind2=" " tag="588"><subfield code="a">Description based on: Anno I, no. 2 (14 april 1917); title from masthead (Chroniclingamerica.loc.gov, viewed May 14, 2014).</subfield></datafield><datafield ind1=" " ind2=" " tag="588"><subfield code="a">Latest issue consulted: Anno I, no. 17 25 agosto 1917) (Chroniclingamerica.loc.gov, viewed May 14, 2014).</subfield></datafield><datafield ind1=" " ind2="0" tag="651"><subfield code="a">Philadelphia (Pa.)</subfield><subfield code="v">Newspapers.</subfield></datafield><datafield ind1=" " ind2="7" tag="655"><subfield code="a">Newspapers.</subfield><subfield code="2">fast</subfield><subfield code="0">(OCoLC)fst01423814</subfield></datafield><datafield ind1=" " ind2="7" tag="651"><subfield code="a">Pennsylvania</subfield><subfield code="z">Philadelphia.</subfield><subfield code="2">fast</subfield><subfield code="0">(OCoLC)fst01204170</subfield></datafield><datafield ind1=" " ind2=" " tag="752"><subfield code="a">United States</subfield><subfield code="b">Pennsylvania</subfield><subfield code="c">Philadelphia</subfield><subfield code="d">Philadelphia.</subfield></datafield><datafield ind1="0" ind2="8" tag="776"><subfield code="i">Originally issued in print:</subfield><subfield code="t">Rassegna (Philadelphia, Pa.)</subfield><subfield code="x">2372-9910</subfield><subfield code="w">(DLC)sn 84037025</subfield><subfield code="w">(OCoLC)10916483</subfield></datafield><datafield ind1="4" ind2="0" tag="856"><subfield code="u">http://www.loc.gov/chroniclingamerica/lccn/sn84037025/issues</subfield></datafield></record>